@incollection {reznikova05,
    title = "Лингвистически аннотированные корпуса русского языка (обзор общедоступных ресурсов)",
    author = "Резникова, Т. И. and Копотев, М. В.",
    crossref = {ruscorpora05}
}
@inproceedings {kohavi_crossval,
    title = "A study of cross-validation and bootstrap for accuracy estimation and model selection",
    author = "R. Kohavi",
    crossref = {ijcai95}
}
@inproceedings {uryupina_dialog08,
    title = "Автоматическое разбиение текста на предложения для русского языка",
    author = "Урюпина, О.",
    crossref = {dialog08}
}
@inproceedings {okatyev_dialog09,
    title = "Модели и методы учета пунктуации при синтаксическом анализе предложения русского языка",
    author = "Окатьев, В. В. and Ерехинская, Т. Н. and Скатов, Д. С.",
    crossref = {dialog09}
}
@inproceedings {munro10,
    title = "Crowdsourcing and language studies: the new generation of linguistic data",
    author = "R. Munro and S. Bethard and V. Kuperman and V. T. Lai and R. Melnick and C. Potts and T. Schnoebelen and H. Tily",
    crossref = {mturk10}
}
@inproceedings {opcorpora_dialog11,
    title = "Quality assurance tools in the OpenCorpora project",
    author = "V. Bocharov and S. Bichineva and D. Granovsky and N. Ostapuk and M. Stepanova",
    crossref = {dialog11}
}
@inproceedings {sharoff_dialog11,
    title = "The proper place of men and machines in language technology: Processing Russian without any linguistic knowledge",
    author = "S. Sharoff and J. Nivre",
    crossref = {dialog11}
}
@inproceedings {kudinov_dialog11,
    title = "Высокоточный метод распознавания концов предложений",
    author = "Кудинов, А. С. and Воропаев, А. А. and Калинин, А. Л.",
    crossref = {dialog11}
}
@inproceedings {opcorpora_corpora11,
    title = "Программное обеспечение для коллективной работы над морфологической разметкой корпуса",
    author = "Бочаров, В. В. and Грановский, Д. В.",
    crossref = {corpora11}
}
@misc {ruscorpora05,
    booktitle = "Национальный корпус русского языка: 2003--2005. Результаты и~перспективы",
    year = "2005",
    publisher = "Индрик",
    address = "М."
}
@misc {ruwiki,
    title = "Википедия~--- свободная энциклопедия",
    url = "http://ru.wikipedia.org"
}
@misc {enwiki,
    title = "Wikipedia~--- The Free Encyclopedia",
    url = "http://en.wikipedia.org"
}
@misc {enwikinews,
    title = "Wikinews~--- The Free News Source",
    url = "http://en.wikinews.org"
}
@misc {ruwikinews,
    title = "Викиновости, свободный источник новостей",
    url = "http://ru.wikinews.org"
}
@misc {enwikisource,
    title = "Wikisource~--- The Free Library",
    url = "http://en.wikisource.org"
}
@misc {ruwikisource,
    title = "Викитека~--- свободная библиотека",
    url = "http://ru.wikisource.org"
}
@misc {cc-by-sa,
    title = "Creative Commons~--- Attribution Share-Alike 3.0 Unported",
    url = "http://creativecommons.org/licenses/by-sa/3.0/"
}
@misc {aot,
    title = "АОТ. Автоматическая обработка текста",
    url = "http://www.aot.ru"
}
@misc {aot_code,
    title = "Исходный код системы ДИАЛИНГ",
    url = "http://seman.svn.sourceforge.net/viewvc/seman/trunk/Source/GraphanLib/graline.cpp?revision=176&view=markup"
}
@misc {opcorpora_perltok,
    title = "Модуль Lingua::RU::OpenCorpora::Tokenizer",
    author = "Суриков, А. В.",
    url = "http://search.cpan.org/~ksuri/Lingua-RU-OpenCorpora-Tokenizer/"
}
@misc {opcorpora_tok_code,
    title = "Исходный код проекта OpenCorpora",
    url = "http://code.google.com/p/opencorpora/source/browse/trunk/scripts/tokenizer/collect_data.pl"
}
@proceedings {ijcai95,
    title = "Proceedings of the International Joint Conference on Artificial Intelligence",
    booktitle = "Proceedings of the International Joint Conference on Artificial Intelligence",
    year = "1995"
}
@proceedings {dialog08,
    title = "Компьютерная лингвистика и интеллектуальные технологии: По материалам ежегодной Международной конференции «Диалог» (Бекасово, 4–8 июня 2008 г.). Вып. 7 (14)",
    booktitle = "Компьютерная лингвистика и интеллектуальные технологии: По материалам ежегодной Международной конференции «Диалог» (Бекасово, 4–8 июня 2008 г.). Вып. 7 (14)",
    year = "2008",
    address = "М.",
    publisher = "РГГУ"
}
@proceedings {dialog09,
    title = "Компьютерная лингвистика и интеллектуальные технологии: По материалам ежегодной Международной конференции «Диалог» (Бекасово, 27–31 мая 2009 г.). Вып. 8 (15)",
    booktitle = "Компьютерная лингвистика и интеллектуальные технологии: По материалам ежегодной Международной конференции «Диалог» (Бекасово, 27–31 мая 2009 г.). Вып. 8 (15)",
    year = "2009",
    address = "М.",
    publisher = "РГГУ"
}
@proceedings {mturk10,
    title = "Proceedings of the Workshop on Creating Speech and Language Data with Amazon's Mechanical Turk",
    booktitle = "Proceedings of the Workshop on Creating Speech and Language Data with Amazon's Mechanical Turk",
    year = "2010"
}
@proceedings {dialog11,
    title = "Компьютерная лингвистика и интеллектуальные технологии: По материалам ежегодной Международной конференции «Диалог» (Бекасово, 25–29 мая 2011 г.). Вып. 10 (17)",
    booktitle = "Компьютерная лингвистика и интеллектуальные технологии: По материалам ежегодной Международной конференции «Диалог» (Бекасово, 25–29 мая 2011 г.). Вып. 10 (17)",
    year = "2011",
    address = "М.",
    publisher = "РГГУ"
}
@proceedings {corpora11,
    title = "Труды международной конференции «Корпусная лингвистика – 2011». 27–29 июня 2011 г., Санкт-Петербург",
    booktitle = "Труды международной конференции «Корпусная лингвистика – 2011». 27–29 июня 2011 г., Санкт-Петербург",
    year = "2011",
    address = "СПб.",
    publisher = "С.-Петербургский гос. университет, Филологический факультет"
}
@article {wang10,
    title = "Perspectives on Crowdsourcing Annotations for Natural Language Processing",
    author = "A. Wang and C. D. V. Hoang and M.-Y. Kan",
    institution = "The National University of Singapore",
    year = "2010"
}
@phdthesis {sokirko_disser,
    title = "Семантические словари в автоматической обработке текста (по материалам системы ДИАЛИНГ)",
    author = "Сокирко, А. В.",
    year = "2001",
    address = "М.",
    school = "РГГУ"
}
